
@book{boreskov_cg,
	author="Боресков, А.В.",
	title="Компьютерная графика : учебник и практикум для среднего профессионального образования / А. В. Боресков, Е. В. Шикин.",
	publisher="--- Москва: Издательство Юрайт",
	pages="220",
	language="russian",
	year=2017
}

@book{mandelbrot,
  author="Mandelbrot, B. B.",
  title="The Fractal Geometry of Nature",
  publisher="--- San Francisco",
  pages="462",
  language="english",
  year=1982
}

@book{morozov,
  author="Морозов, А. Д.",
  title="Введение в теорию фракталов",
  publisher="--- М. Ижевск: Институт компьютерных исследований",
  pages="162",
  language="russian",
  year=2006
}

@book{rogers,
	author="Роджерс Д.",
	title="Алгоритмические основы машинной графики",
	publisher="--- Москва: Издательство Мир",
	pages="512",
	language="russian",
	year=1989
}

@misc{cpp,
	title="Документация по C++ [Электронный ресурс].",
	howpublished="--- Режим доступа: \url{https://learn.microsoft.com/ru-ru/cpp/} (дата обращения: 22.11.2024)."
}

@misc{qt,
	title="Документация по Qt [Электронный ресурс].",
	howpublished="--- Режим доступа: \url{https://doc.qt.io/} (дата обращения: 22.11.2024)."
}

@misc{opengl,
  title="Документация по OpenGL [Электронный ресурс].",
  howpublished="--- Режим доступа: \url{https://registry.khronos.org/OpenGL-Refpages/gl4/} (дата обращения: 01.12.2024)."
}

@misc{macbook,
  title="MacBook Pro (14 дюймов, 2021 г.) - Спецификации [Электронный ресурс].",
  howpublished="--- Режим доступа: \url{https://support.apple.com/ru-ru/111902} (дата обращения: 24.11.2024)."
}

@misc{macos,
  title="MacOS Sequoia Developer Documentation [Электронный ресурс].",
  howpublished="--- Режим доступа: \url{https://developer.apple.com/documentation/} (дата обращения: 25.11.2024)."
}

@article{sdf,
  author = {Круглов, М. А. and Холкин, А. В.},
  title = {Метод построения трехмерной графики на основе полей расстояний},
  journal = {Инженерный вестник Дона},
  number = {7},
  year = {2024},
}

@article{rendering,
    author = {Зенкевич, Д.А. and Гончаров, Д.В. and Свиридова И.В. and Феоктистов А.С.},
    title = {Процесс получения изображения по трехмерной модели в реальном времени},
    journal = {Экономика и социум},
    number = {5},
    year = {2020},
}

@article{algebra_mandelbulb,
    author = {Boily, V. and Rochon D.},
    title = {On the algebraic foundation of the Mandelbulb},
    journal = {Fractals},
    number = {31},
    year = {2023},
  language = {english}
}

@book{rt_rendering,
  author = {Akenine-Moller, T. and Haines, E. and Hoffman, N},
  title = {Real-Time Rendering},
  publisher = {CRC Press},
  address = {--- New York},
  edition = {3},
  year = {2008},
  pages = {1045},
  language = {english}
}

@article{phong,
    author = {Phong, Bui Tuong},
    title = {Illumination of Computer-Generated Images},
    journal = {Communications of the ACM},
    volume = {18},
    pages = {313 - 317},
    year = {1975},
    month = {June},
  language = {english}
}
